%% This BibTeX bibliography file was created using BibDesk.
%% http://bibdesk.sourceforge.net/


%% Created for Lauro Cesar Araujo at 2015-04-27 19:43:45 -0300 


%% Saved with string encoding Unicode (UTF-8) 


@article{5GPPP,
	Author ={5GPPP},
	Journal = {},
	Number = {},
	Pages = {},
	Title = {Vision on Software Networks and 5G SN WG (2017).},
	Volume = {},
Url = {https://5gppp.eu/wp-content/uploads/2014/02/5G-PPP_SoftNets_WG_whitepaper_v20.pdf},
	Year = {2017}}

@manual{ProgrammableEnvironment,
	Author = {Welkie and Shangguan and Gummeson and Hu and Jamieson},
	Date-Added = {2013-01-09 10:37:38 +0000},
	Date-Modified = {2015-04-27 22:42:47 +0000},
	Organization = {},
	Title = {Programmable radio environments for smart spaces},
	Url = {},
	Subtitle = {ACM Workshop on Hot Topics in Networks, Palo Alto, 2017},
	Year = {2017},
	Bdsk-Url-1 = {}}
@manual{WirellessCTRIS,
	Author = {Basar and Di Renzo and De Rosny and Debbah and Alouini and Zhang},
	Date-Added = {2013-01-09 10:37:38 +0000},
	Date-Modified = {2015-04-27 22:42:47 +0000},
	Organization = {},
	Title = {Wireless Communications Through Reconfigurable Intelligent Surfaces},
	Url = {},
	Subtitle = {in IEEE Access, vol. 7, pp. 116753-116773},
     Year = {2019},
	Bdsk-Url-1 = {}}
@manual{SDNRIS,
	Author = {C. Liaskos and L. Mamatas and A. Pourdamghani and A. Tsioliaridou and S. Ioannidis, A. Pitsillides and S. Schmid and I.F. Akyildiz},
	Date-Added = {2013-01-09 10:37:38 +0000},
	Date-Modified = {2015-04-27 22:42:47 +0000},
	Organization = {},
	Title = {Software-Defined Reconfigurable Intelligent Surfaces: From Theory to End-to-End Implementation},
	Url = {10.1109/JPROC.2022.3169917},
    Subtitle={in Proceedings of the IEEE, vol. 110, no. 9, 
    pp. 1466-1493, Sept. },
	Year = {2022},
	Bdsk-Url-1 = {}}


@manual{SREMetasurface,
	Author = {Marco Di Renzo and Merouane Debbah and Dinh-Thuy Phan-Huy and Alessio Zappone and Mohamed-Slim Alouini Chau Yuen and Vincenzo Sciancalepore and George C. Alexandropoulos and Jakob Hoydis and Haris Gacanin and Julien de Rosny and Ahcene Bounceur and Geoffroy Lerosey and Mathias Fink },
	Date-Added = {2013-01-09 10:37:38 +0000},
	Date-Modified = {2015-04-27 22:42:47 +0000},
	Organization = {},
	Title = {Smart radio environments empowered by reconfigurable AI meta-surfaces: an idea whose time has come},
	Url = {},
	Subtitle = {J Wireless Com Network, 129 },
     Year = {2019},
	Bdsk-Url-1 = {}}


@article{RISProtoVaractor,
	Author = {Xilong Pei and Haifan Yin and Li Tan and Lin Cao and Zhanpeng Li and Kai Wang and Kun Zhang and Emil Bj√∂rnson},
	Journal = {},
	Number = {1},
	Pages = {},
	Title = {RIS-Aided Wireless Communications: Prototyping, Adaptive Beamforming, and Indoor/Outdoor Field Trials},
	Volume = {IEEE Transactions on Communications, vol. 69, no. 12, pp. 8627-8640, Dec.},
    Url = {},
	Year = {2021}}

@article{OpenRIS,
	Author = {Markus Heinrichs, Aydin Sezgin, Rainer Kronberger},
	Journal = {},
	Number = {1},
	Pages = {},
	Title = {Open Source Reconfigurable Intelligent Surface for the Frequency Range of 5 GHz WiFi},
	Volume = {=},
Url = {
https://doi.org/10.48550/arXiv.2307.06868
},
	Year = {2021}}

@article{ChipVaractor,
	Author = {Rains, J., Kazim, J. U. R., Tukmanov, A., Zhang, L., Abbasi, Q. and Imran, M.},
	Journal = {},
	Number = {1},
	Pages = {},
	Title = {A Multi-Functional Reconfigurable Metasurface: Electromagnetic Design Accounting for Fabrication Aspects},
	Volume = {in IEEE Transactions on Antennas and Propagation, vol. 69, no. 3, pp. 1440-1454, March },
Url = {},
	Year = {2021}}
@article{FAVaractor,
	Author = {Rains, J., Kazim, J. U. R., Tukmanov, A., Zhang, L., Abbasi, Q. and Imran, M.},
	Journal = {},
	Number = {1},
	Pages = {},
	Title = {Fully-Addressable Varactor-Based Reflecting Metasurface with Dual-Linear 
Polarisation for Low Power Reconfigurable Intelligent Surfaces.},
	Volume = {17th European 
Conference on Antennas and Propagation (EuCAP2023), Florence, Italy},
Url = {},
	Year = {2023}}
@article{GSTC,
	Author = {C. L. Holloway, M. A. Mohamed, E. F. Kuester and A. Dienstfrey},
	Journal = {},
	Number = {1},
	Pages = {},
	Title = {Closed-Form Global Optimization of Beyond Diagonal Reconfigurable Intelligent Surfaces},
	Volume = {IEEE Transactions on Electromagnetic Compatibility, vol. 47, no. 4, pp. 853-865, Nov.},
Url = {10.1109/TEMC.2005.853719},
	Year = {2005}}


@article{EMPWTL,
	Author = {F. Costa and M. Borgese},
	Journal = {},
	Number = {},
	Pages = {},
	Title = {Electromagnetic Model of Reflective Intelligent Surfaces},
	Volume = {n IEEE Open J. Commun. Soc., vol. 2, pp. 1577-1589, 2021},
Url = {},
	Year = {2021}}

 
@article{RICS,
	Author ={ B. Yang, X. Cao, C. Huang, G. C. Alexandropoulos, L. Dai, C. Yuen, M. Debbah, and H. V. Poo},
	Journal = {},
	Number = {},
	Pages = {},
	Title = {Next generation reconfigurable metasurfaces: When wave propagation control meets computing,},
	Volume = {IEEE Wireless Communications, under review, 2022},
Url = {
https://doi.org/10.48550/arXiv.2208.04509},
	Year = {2022}}
@article{ReviewMetasurface,
	Author ={Zahra Sidrish, Ma Liang, Wang Wenjiao, Li Jian, Chen Dexu, Liu Yifeng, Zhou Yuedan, Li Na, Huang Yongjun, Wen Guangjun},
	Journal = {Frontiers in Physics},
	Number = {},
	Pages = {},
	Title = {Electromagnetic Metasurfaces and Reconfigurable Metasurfaces: A Review },
	Volume = {8},
Url = {
https://doi.org/10.48550/arXiv.2208.04509},
	Year = {2021}}
@article{ReviewMetasurfaceRIS,
	Author ={ Yasir Saifullah, Yejun He, Amir Boag, Guo-Min Yang, Feng Xu},
	Journal = {},
	Number = {},
	Pages = {},
	Title = {Recent Progress in Reconfigurable and Intelligent Metasurfaces: A Comprehensive Review of Tuning Mechanisms, Hardware Designs, and Applications},
	Volume = { Adv. Sci. 2022, 9, 2203747},
Url = {https://doi.org/10.1002/advs.202203747},
	Year = {2022}}
@article{HRIS,
	Author ={ C. Alexandropoulos, N. Shlezinger, I. Alamzadeh, M. F. Imani, H. Zhang, and Y. C. Eldar},
	Journal = {},
	Number = {},
	Pages = {},
	Title = {Hybrid reconfigurable intelligent metasurfaces: Enabling simultaneous tunable reflections and sensing for 6G wireless communications},
	Volume = {IEEE Communications Magazine, under revision, 2022},
Url = {},
	Year = {2022}}
@article{CFGOBDRIS,
	Author = {M. Nerini, S. Shen and B. Clerckx},
	Journal = {},
	Number = {},
	Pages = {},
	Title = {Closed-Form Global Optimization of Beyond Diagonal Reconfigurable Intelligent Surfaces},
	Volume = {in IEEE Transactions on Wireless Communications},
Url = {10.1109/TWC.2023.3285262.},
	Year = {2023}}

@phdthesis{guizzardi2005,
	Address = {Enschede, The Netherlands},
	Author = {Giancarlo Guizzardi},
	Date-Added = {2012-04-23 11:35:28 +0000},
	Date-Modified = {2012-04-23 11:35:28 +0000},
	School = {Centre for Telematics and Information Technology, University of Twente},
	Title = {Ontological Foundations for Structural Conceptual Models},
	Url = {http://www.loa.istc.cnr.it/Guizzardi/SELMAS-CR.pdf},
	Urlaccessdate = {3 jul. 2011},
	Year = {2005},
	Bdsk-Url-1 = {http://www.loa.istc.cnr.it/Guizzardi/SELMAS-CR.pdf}}

@mastersthesis{macedo2005,
	Author = {Fl{\'a}via L. Macedo},
	Date-Added = {2012-04-23 11:35:13 +0000},
	Date-Modified = {2012-04-23 11:35:13 +0000},
	Keywords = {arquitetura da informa{\c c}{\~a}o},
	School = {Universidade de Bras{\'\i}lia},
	Title = {Arquitetura da Informa{\c c}{\~a}o: aspectos espistemol{\'o}gicos, cient{\'\i}ficos e pr{\'a}ticos.},
	Type = {Disserta{\c c}{\~a}o de Mestrado},
	Year = {2005}}

@manual{EIA649B,
	Address = {EUA},
	Date-Added = {2012-04-23 11:34:59 +0000},
	Date-Modified = {2012-04-23 11:34:59 +0000},
	Keywords = {norma},
	Month = {June},
	Organization = {TechAmerica},
	Title = {ANSI/EIA 649-B: Configuration Management Standard},
	Year = {2011}}

@inproceedings{masolo2010,
	Author = {Claudio Masolo},
	Booktitle = {Proceedings of the Twelfth International Conference on the Principles of Knowledge Representation and Reasoning (KR 2010)},
	Date-Added = {2012-04-23 11:34:38 +0000},
	Date-Modified = {2012-04-23 11:34:38 +0000},
	Editor = {Lin, F. and Sattler, U.},
	Pages = {258-268},
	Publisher = {AAAI Press},
	Title = {Understanding Ontological Levels},
	Url = {http://wiki.loa-cnr.it/Papers/kr10v0.7.pdf},
	Urlaccessdate = {2 jan. 2012},
	Year = {2010},
	Bdsk-Url-1 = {http://wiki.loa-cnr.it/Papers/kr10v0.7.pdf}}

@inbook{guarino1995,
	Address = {Vienna},
	Author = {Nicola Guarino},
	Booktitle = {Philosophy and the Cognitive Science},
	Date-Added = {2012-04-23 11:34:29 +0000},
	Date-Modified = {2012-04-23 11:34:29 +0000},
	Editor = {R. Casati and B. Smith and G. White},
	Month = {Sept.},
	Pages = {443-456},
	Publisher = {Holder-Pivhler-Tempsky},
	Title = {The Ontological Level},
	Url = {http://wiki.loa-cnr.it/Papers/OntLev.pdf},
	Urlaccessdate = {2 jan. 2012},
	Year = {1995},
	Bdsk-Url-1 = {http://wiki.loa-cnr.it/Papers/OntLev.pdf}}

@book{BalanisAntennas,
	Author = {C. A. Balanis},
	Date-Added = {2012-04-23 11:34:20 +0000},
	Date-Modified = {2012-04-23 11:34:20 +0000},
	Publisher = {New York, John Wiley & Sons, Inc.},
	Title = {Antenna Theory: Analysis and Design},
	Year = {2005}}

@book{BalanisAEM,
	Author = {C. A. Balanis},
	Date-Added = {2012-04-23 11:34:20 +0000},
	Date-Modified = {2012-04-23 11:34:20 +0000},
	Publisher = {Hoboken, NJ, USA: Wiley},
	Title = {Advanced Engineering Electromagnetics},
	Year = {2012}}

@book{dewey1980,
	Address = {New York, NY, USA},
	Author = {John Dewey},
	Date-Added = {2012-04-23 11:34:16 +0000},
	Date-Modified = {2012-04-23 11:34:16 +0000},
	Publisher = {Perigee Books},
	Title = {Art as Experience},
	Year = {1980}}
 
